@Manual{BH,
  title = {BH: Boost C++ Header Files},
  author = {Dirk Eddelbuettel and John W. Emerson and Michael J. Kane},
  year = {2024},
  note = {R package version 1.84.0-0,
https://dirk.eddelbuettel.com/code/bh.html},
  url = {https://github.com/eddelbuettel/bh},
}

@Manual{DBI,
  title = {DBI: R Database Interface},
  author = {{R Special Interest Group on Databases (R-SIG-DB)} and Hadley Wickham and Kirill Müller},
  year = {2024},
  note = {R package version 1.2.3},
  url = {https://CRAN.R-project.org/package=DBI},
}

@Manual{KernSmooth,
  title = {KernSmooth: Functions for Kernel Smoothing Supporting Wand & Jones (1995)},
  author = {Matt Wand},
  year = {2024},
  note = {R package version 2.23-24},
  url = {https://CRAN.R-project.org/package=KernSmooth},
}

@Book{MASS,
  title = {Modern Applied Statistics with S},
  author = {W. N. Venables and B. D. Ripley},
  publisher = {Springer},
  edition = {Fourth},
  address = {New York},
  year = {2002},
  note = {ISBN 0-387-95457-0},
  url = {https://www.stats.ox.ac.uk/pub/MASS4/},
}

@Manual{Matrix,
  title = {Matrix: Sparse and Dense Matrix Classes and Methods},
  author = {Douglas Bates and Martin Maechler and Mikael Jagan},
  year = {2024},
  note = {R package version 1.7-1},
  url = {https://CRAN.R-project.org/package=Matrix},
}

@Manual{R6,
  title = {R6: Encapsulated Classes with Reference Semantics},
  author = {Winston Chang},
  year = {2021},
  note = {R package version 2.5.1},
  url = {https://CRAN.R-project.org/package=R6},
}

@Manual{RColorBrewer,
  title = {RColorBrewer: ColorBrewer Palettes},
  author = {Erich Neuwirth},
  year = {2022},
  note = {R package version 1.1-3},
  url = {https://CRAN.R-project.org/package=RColorBrewer},
}

@Manual{Rcpp1,
  title = {Rcpp: Seamless R and C++ Integration},
  author = {Dirk Eddelbuettel and Romain Francois and JJ Allaire and Kevin Ushey and Qiang Kou and Nathan Russell and Inaki Ucar and Douglas Bates and John Chambers},
  year = {2024},
  note = {R package version 1.0.13},
  url = {https://CRAN.R-project.org/package=Rcpp},
}

@Article{Rcpp2,
  title = {{Rcpp}: Seamless {R} and {C++} Integration},
  author = {Dirk Eddelbuettel and Romain Fran\c{c}ois},
  journal = {Journal of Statistical Software},
  year = {2011},
  volume = {40},
  number = {8},
  pages = {1--18},
  doi = {10.18637/jss.v040.i08},
}

@Book{Rcpp3,
  title = {Seamless {R} and {C++} Integration with {Rcpp}},
  author = {Dirk Eddelbuettel},
  publisher = {Springer},
  address = {New York},
  year = {2013},
  note = {ISBN 978-1-4614-6867-7},
  doi = {10.1007/978-1-4614-6868-4},
}

@Article{Rcpp4,
  title = {{Extending {R} with {C++}: A Brief Introduction to {Rcpp}}},
  author = {Dirk Eddelbuettel and James Joseph Balamuta},
  journal = {The American Statistician},
  year = {2018},
  volume = {72},
  number = {1},
  pages = {28-36},
  doi = {10.1080/00031305.2017.1375990},
}

@Manual{anytime,
  title = {anytime: Anything to 'POSIXct' or 'Date' Converter},
  author = {Dirk Eddelbuettel},
  year = {2020},
  note = {R package version 0.3.9},
  url = {http://dirk.eddelbuettel.com/code/anytime.html},
}

@Manual{askpass,
  title = {askpass: Password Entry Utilities for R, Git, and SSH},
  author = {Jeroen Ooms},
  year = {2024},
  note = {R package version 1.2.1},
  url = {https://CRAN.R-project.org/package=askpass},
}

@Manual{backports,
  title = {backports: Reimplementations of Functions Introduced Since R-3.0.0},
  author = {Michel Lang and Duncan Murdoch and {R Core Team}},
  year = {2024},
  note = {R package version 1.5.0},
  url = {https://CRAN.R-project.org/package=backports},
}

@Manual{base64enc,
  title = {base64enc: Tools for base64 encoding},
  author = {Simon Urbanek},
  year = {2015},
  note = {R package version 0.1-3},
  url = {https://CRAN.R-project.org/package=base64enc},
}

@Manual{bit,
  title = {bit: Classes and Methods for Fast Memory-Efficient Boolean Selections},
  author = {Jens Oehlschlägel and Brian Ripley},
  year = {2022},
  note = {R package version 4.0.5},
  url = {https://github.com/truecluster/bit},
}

@Manual{bit64,
  title = {bit64: A S3 Class for Vectors of 64bit Integers},
  author = {Jens Oehlschlägel and Leonardo Silvestri},
  year = {2020},
  note = {R package version 4.0.5},
  url = {https://github.com/truecluster/bit64},
}

@Manual{blob,
  title = {blob: A Simple S3 Class for Representing Vectors of Binary Data
('BLOBS')},
  author = {Hadley Wickham},
  year = {2023},
  note = {R package version 1.2.4},
  url = {https://CRAN.R-project.org/package=blob},
}

@Manual{broom,
  title = {broom: Convert Statistical Objects into Tidy Tibbles},
  author = {David Robinson and Alex Hayes and Simon Couch},
  year = {2024},
  note = {R package version 1.0.6, https://github.com/tidymodels/broom},
  url = {https://broom.tidymodels.org/},
}

@Manual{bslib,
  title = {bslib: Custom 'Bootstrap' 'Sass' Themes for 'shiny' and 'rmarkdown'},
  author = {Carson Sievert and Joe Cheng and Garrick Aden-Buie},
  year = {2024},
  note = {R package version 0.8.0},
  url = {https://CRAN.R-project.org/package=bslib},
}

@Manual{cachem,
  title = {cachem: Cache R Objects with Automatic Pruning},
  author = {Winston Chang},
  year = {2024},
  note = {R package version 1.1.0},
  url = {https://CRAN.R-project.org/package=cachem},
}

@Manual{callr,
  title = {callr: Call R from R},
  author = {Gábor Csárdi and Winston Chang},
  year = {2024},
  note = {R package version 3.7.6},
  url = {https://CRAN.R-project.org/package=callr},
}

@Manual{cellranger,
  title = {cellranger: Translate Spreadsheet Cell Ranges to Rows and Columns},
  author = {Jennifer Bryan},
  year = {2016},
  note = {R package version 1.1.0},
  url = {https://CRAN.R-project.org/package=cellranger},
}

@Book{class,
  title = {Modern Applied Statistics with S},
  author = {W. N. Venables and B. D. Ripley},
  publisher = {Springer},
  edition = {Fourth},
  address = {New York},
  year = {2002},
  note = {ISBN 0-387-95457-0},
  url = {https://www.stats.ox.ac.uk/pub/MASS4/},
}

@Manual{classInt,
  title = {classInt: Choose Univariate Class Intervals},
  author = {Roger Bivand},
  year = {2023},
  note = {R package version 0.4-10},
  url = {https://CRAN.R-project.org/package=classInt},
}

@Manual{cli,
  title = {cli: Helpers for Developing Command Line Interfaces},
  author = {Gábor Csárdi},
  year = {2024},
  note = {R package version 3.6.3},
  url = {https://CRAN.R-project.org/package=cli},
}

@Manual{clipr,
  title = {clipr: Read and Write from the System Clipboard},
  author = {Matthew Lincoln},
  year = {2022},
  note = {R package version 0.8.0},
  url = {https://CRAN.R-project.org/package=clipr},
}

@Article{colorspace1,
  title = {{colorspace}: A Toolbox for Manipulating and Assessing Colors and Palettes},
  author = {Achim Zeileis and Jason C. Fisher and Kurt Hornik and Ross Ihaka and Claire D. McWhite and Paul Murrell and Reto Stauffer and Claus O. Wilke},
  journal = {Journal of Statistical Software},
  year = {2020},
  volume = {96},
  number = {1},
  pages = {1--49},
  doi = {10.18637/jss.v096.i01},
}

@Article{colorspace2,
  title = {Escaping {RGB}land: Selecting Colors for Statistical Graphics},
  author = {Achim Zeileis and Kurt Hornik and Paul Murrell},
  journal = {Computational Statistics \& Data Analysis},
  year = {2009},
  volume = {53},
  number = {9},
  pages = {3259--3270},
  doi = {10.1016/j.csda.2008.11.033},
}

@Article{colorspace3,
  title = {Somewhere over the Rainbow: How to Make Effective Use of Colors in Meteorological Visualizations},
  author = {Reto Stauffer and Georg J. Mayr and Markus Dabernig and Achim Zeileis},
  journal = {Bulletin of the American Meteorological Society},
  year = {2009},
  volume = {96},
  number = {2},
  pages = {203--216},
  doi = {10.1175/BAMS-D-13-00155.1},
}

@Manual{conflicted,
  title = {conflicted: An Alternative Conflict Resolution Strategy},
  author = {Hadley Wickham},
  year = {2023},
  note = {R package version 1.2.0},
  url = {https://CRAN.R-project.org/package=conflicted},
}

@Manual{cpp11,
  title = {cpp11: A C++11 Interface for R's C Interface},
  author = {Davis Vaughan and Jim Hester and Romain François},
  year = {2024},
  note = {R package version 0.5.0},
  url = {https://CRAN.R-project.org/package=cpp11},
}

@Manual{crayon,
  title = {crayon: Colored Terminal Output},
  author = {Gábor Csárdi},
  year = {2024},
  note = {R package version 1.5.3},
  url = {https://CRAN.R-project.org/package=crayon},
}

@Manual{curl,
  title = {curl: A Modern and Flexible Web Client for R},
  author = {Jeroen Ooms},
  year = {2024},
  note = {R package version 5.2.3},
  url = {https://CRAN.R-project.org/package=curl},
}

@Manual{data.table,
  title = {data.table: Extension of `data.frame`},
  author = {Tyson Barrett and Matt Dowle and Arun Srinivasan and Jan Gorecki and Michael Chirico and Toby Hocking},
  year = {2024},
  note = {R package version 1.15.4, https://Rdatatable.gitlab.io/data.table,
https://github.com/Rdatatable/data.table},
  url = {https://r-datatable.com},
}

@Manual{dawaR1,
  title = {dawaR: An API Wrapper for 'DAWA' - 'The Danish Address Web API'},
  author = {Aleksander Bang-Larsen},
  year = {2024},
  note = {R package version 0.2.3},
  url = {https://CRAN.R-project.org/package=dawaR},
}

@Misc{dawaR2,
  title = {{DAWA}: {Danmarks Adressers Web API} at {Dataforsyningen} - Through {dawaR}},
  author = {{Klimadatastyrelsen}},
  year = {2024},
  url = {https://dawadocs.dataforsyningen.dk/dok/guides},
}

@Manual{dbplyr,
  title = {dbplyr: A 'dplyr' Back End for Databases},
  author = {Hadley Wickham and Maximilian Girlich and Edgar Ruiz},
  year = {2024},
  note = {R package version 2.5.0},
  url = {https://CRAN.R-project.org/package=dbplyr},
}

@Manual{digest,
  title = {digest: Create Compact Hash Digests of R Objects},
  author = {Dirk Eddelbuettel},
  year = {2024},
  note = {R package version 0.6.37},
  url = {https://CRAN.R-project.org/package=digest},
}

@Manual{dplyr,
  title = {dplyr: A Grammar of Data Manipulation},
  author = {Hadley Wickham and Romain François and Lionel Henry and Kirill Müller and Davis Vaughan},
  year = {2023},
  note = {R package version 1.1.4},
  url = {https://CRAN.R-project.org/package=dplyr},
}

@Manual{dtplyr,
  title = {dtplyr: Data Table Back-End for 'dplyr'},
  author = {Hadley Wickham and Maximilian Girlich and Mark Fairbanks and Ryan Dickerson},
  year = {2023},
  note = {R package version 1.3.1},
  url = {https://CRAN.R-project.org/package=dtplyr},
}

@Manual{e1071,
  title = {e1071: Misc Functions of the Department of Statistics, Probability
Theory Group (Formerly: E1071), TU Wien},
  author = {David Meyer and Evgenia Dimitriadou and Kurt Hornik and Andreas Weingessel and Friedrich Leisch},
  year = {2023},
  note = {R package version 1.7-14},
}

@Manual{evaluate,
  title = {evaluate: Parsing and Evaluation Tools that Provide More Details than the
Default},
  author = {Hadley Wickham and Yihui Xie},
  year = {2024},
  note = {R package version 0.24.0},
  url = {https://github.com/r-lib/evaluate},
}

@Manual{fansi,
  title = {fansi: ANSI Control Sequence Aware String Functions},
  author = {Brodie Gaslam},
  year = {2023},
  note = {R package version 1.0.6},
  url = {https://CRAN.R-project.org/package=fansi},
}

@Manual{farver,
  title = {farver: High Performance Colour Space Manipulation},
  author = {Thomas Lin Pedersen and Berendea Nicolae and Romain François},
  year = {2024},
  note = {R package version 2.1.2},
  url = {https://CRAN.R-project.org/package=farver},
}

@Manual{fastmap,
  title = {fastmap: Fast Data Structures},
  author = {Winston Chang},
  year = {2024},
  note = {R package version 1.2.0},
  url = {https://CRAN.R-project.org/package=fastmap},
}

@Manual{fontawesome,
  title = {fontawesome: Easily Work with 'Font Awesome' Icons},
  author = {Richard Iannone},
  year = {2023},
  note = {R package version 0.5.2},
  url = {https://CRAN.R-project.org/package=fontawesome},
}

@Manual{forcats,
  title = {forcats: Tools for Working with Categorical Variables (Factors)},
  author = {Hadley Wickham},
  year = {2023},
  note = {R package version 1.0.0},
  url = {https://CRAN.R-project.org/package=forcats},
}

@Manual{fs,
  title = {fs: Cross-Platform File System Operations Based on 'libuv'},
  author = {Jim Hester and Hadley Wickham and Gábor Csárdi},
  year = {2024},
  note = {R package version 1.6.5},
  url = {https://CRAN.R-project.org/package=fs},
}

@Manual{gargle,
  title = {gargle: Utilities for Working with Google APIs},
  author = {Jennifer Bryan and Craig Citro and Hadley Wickham},
  year = {2023},
  note = {R package version 1.5.2},
  url = {https://CRAN.R-project.org/package=gargle},
}

@Manual{generics,
  title = {generics: Common S3 Generics not Provided by Base R Methods Related to
Model Fitting},
  author = {Hadley Wickham and Max Kuhn and Davis Vaughan},
  year = {2022},
  note = {R package version 0.1.3},
  url = {https://CRAN.R-project.org/package=generics},
}

@Book{ggplot2,
  author = {Hadley Wickham},
  title = {ggplot2: Elegant Graphics for Data Analysis},
  publisher = {Springer-Verlag New York},
  year = {2016},
  isbn = {978-3-319-24277-4},
  url = {https://ggplot2.tidyverse.org},
}

@Manual{glue,
  title = {glue: Interpreted String Literals},
  author = {Jim Hester and Jennifer Bryan},
  year = {2024},
  note = {R package version 1.8.0},
  url = {https://CRAN.R-project.org/package=glue},
}

@Manual{googledrive,
  title = {googledrive: An Interface to Google Drive},
  author = {Lucy {D'Agostino McGowan} and Jennifer Bryan},
  year = {2023},
  note = {R package version 2.1.1},
  url = {https://CRAN.R-project.org/package=googledrive},
}

@Manual{googlesheets4,
  title = {googlesheets4: Access Google Sheets using the Sheets API V4},
  author = {Jennifer Bryan},
  year = {2023},
  note = {R package version 1.1.1},
  url = {https://CRAN.R-project.org/package=googlesheets4},
}

@Manual{gtable,
  title = {gtable: Arrange 'Grobs' in Tables},
  author = {Hadley Wickham and Thomas Lin Pedersen},
  year = {2024},
  note = {R package version 0.3.6},
  url = {https://CRAN.R-project.org/package=gtable},
}

@Manual{haven,
  title = {haven: Import and Export 'SPSS', 'Stata' and 'SAS' Files},
  author = {Hadley Wickham and Evan Miller and Danny Smith},
  year = {2023},
  note = {R package version 2.5.4},
  url = {https://CRAN.R-project.org/package=haven},
}

@Manual{highr,
  title = {highr: Syntax Highlighting for R Source Code},
  author = {Yihui Xie and Yixuan Qiu},
  year = {2024},
  note = {R package version 0.11},
  url = {https://CRAN.R-project.org/package=highr},
}

@Manual{hms,
  title = {hms: Pretty Time of Day},
  author = {Kirill Müller},
  year = {2023},
  note = {R package version 1.1.3},
  url = {https://CRAN.R-project.org/package=hms},
}

@Manual{htmltools,
  title = {htmltools: Tools for HTML},
  author = {Joe Cheng and Carson Sievert and Barret Schloerke and Winston Chang and Yihui Xie and Jeff Allen},
  year = {2024},
  note = {R package version 0.5.8.1},
  url = {https://CRAN.R-project.org/package=htmltools},
}

@Manual{httr,
  title = {httr: Tools for Working with URLs and HTTP},
  author = {Hadley Wickham},
  year = {2023},
  note = {R package version 1.4.7},
  url = {https://CRAN.R-project.org/package=httr},
}

@Manual{httr2,
  title = {httr2: Perform HTTP Requests and Process the Responses},
  author = {Hadley Wickham},
  year = {2024},
  note = {R package version 1.0.5},
  url = {https://CRAN.R-project.org/package=httr2},
}

@Manual{ids,
  title = {ids: Generate Random Identifiers},
  author = {Rich FitzJohn},
  year = {2017},
  note = {R package version 1.0.1},
  url = {https://CRAN.R-project.org/package=ids},
}

@Manual{isoband,
  title = {isoband: Generate Isolines and Isobands from Regularly Spaced Elevation
Grids},
  author = {Hadley Wickham and Claus O. Wilke and Thomas Lin Pedersen},
  year = {2022},
  note = {R package version 0.2.7},
  url = {https://CRAN.R-project.org/package=isoband},
}

@Manual{jquerylib,
  title = {jquerylib: Obtain 'jQuery' as an HTML Dependency Object},
  author = {Carson Sievert and Joe Cheng},
  year = {2021},
  note = {R package version 0.1.4},
  url = {https://CRAN.R-project.org/package=jquerylib},
}

@Article{jsonlite,
  title = {The jsonlite Package: A Practical and Consistent Mapping Between JSON Data and R Objects},
  author = {Jeroen Ooms},
  journal = {arXiv:1403.2805 [stat.CO]},
  year = {2014},
  url = {https://arxiv.org/abs/1403.2805},
}

@Manual{knitr1,
  title = {knitr: A General-Purpose Package for Dynamic Report Generation in R},
  author = {Yihui Xie},
  year = {2024},
  note = {R package version 1.48},
  url = {https://yihui.org/knitr/},
}

@Book{knitr2,
  title = {Dynamic Documents with {R} and knitr},
  author = {Yihui Xie},
  publisher = {Chapman and Hall/CRC},
  address = {Boca Raton, Florida},
  year = {2015},
  edition = {2nd},
  note = {ISBN 978-1498716963},
  url = {https://yihui.org/knitr/},
}

@InCollection{knitr3,
  booktitle = {Implementing Reproducible Computational Research},
  editor = {Victoria Stodden and Friedrich Leisch and Roger D. Peng},
  title = {knitr: A Comprehensive Tool for Reproducible Research in {R}},
  author = {Yihui Xie},
  publisher = {Chapman and Hall/CRC},
  year = {2014},
  note = {ISBN 978-1466561595},
}

@Manual{labeling,
  title = {labeling: Axis Labeling},
  author = {Justin Talbot,},
  year = {2023},
  note = {R package version 0.4.3},
  url = {https://CRAN.R-project.org/package=labeling},
}

@Book{lattice,
  title = {Lattice: Multivariate Data Visualization with R},
  author = {Deepayan Sarkar},
  year = {2008},
  publisher = {Springer},
  address = {New York},
  isbn = {978-0-387-75968-5},
  url = {http://lmdvr.r-forge.r-project.org},
}

@Manual{lifecycle,
  title = {lifecycle: Manage the Life Cycle of your Package Functions},
  author = {Lionel Henry and Hadley Wickham},
  year = {2023},
  note = {R package version 1.0.4},
  url = {https://CRAN.R-project.org/package=lifecycle},
}

@Article{lubridate,
  title = {Dates and Times Made Easy with {lubridate}},
  author = {Garrett Grolemund and Hadley Wickham},
  journal = {Journal of Statistical Software},
  year = {2011},
  volume = {40},
  number = {3},
  pages = {1--25},
  url = {https://www.jstatsoft.org/v40/i03/},
}

@Manual{magrittr,
  title = {magrittr: A Forward-Pipe Operator for R},
  author = {Stefan Milton Bache and Hadley Wickham},
  year = {2022},
  note = {R package version 2.0.3},
  url = {https://CRAN.R-project.org/package=magrittr},
}

@Manual{memoise,
  title = {memoise: 'Memoisation' of Functions},
  author = {Hadley Wickham and Jim Hester and Winston Chang and Kirill Müller and Daniel Cook},
  year = {2021},
  note = {R package version 2.0.1},
  url = {https://CRAN.R-project.org/package=memoise},
}

@Article{mgcv1,
  title = {Fast stable restricted maximum likelihood and marginal
likelihood estimation of semiparametric generalized linear models},
  journal = {Journal of the Royal Statistical Society (B)},
  volume = {73},
  number = {1},
  pages = {3-36},
  year = {2011},
  author = {S. N. Wood},
}

@Article{mgcv2,
  title = {Smoothing parameter and model selection for general smooth models (with discussion)},
  author = {S.N. Wood and {N.} and {Pya} and B. S{"a}fken},
  journal = {Journal of the American Statistical Association},
  year = {2016},
  pages = {1548-1575},
  volume = {111},
}

@Article{mgcv3,
  title = {Stable and efficient multiple smoothing parameter estimation for
         generalized additive models},
  journal = {Journal of the American Statistical Association},
  volume = {99},
  number = {467},
  pages = {673-686},
  year = {2004},
  author = {S. N. Wood},
}

@Book{mgcv4,
  title = {Generalized Additive Models: An Introduction with R},
  year = {2017},
  author = {S.N Wood},
  edition = {2},
  publisher = {Chapman and Hall/CRC},
}

@Article{mgcv5,
  title = {Thin-plate regression splines},
  journal = {Journal of the Royal Statistical Society (B)},
  volume = {65},
  number = {1},
  pages = {95-114},
  year = {2003},
  author = {S. N. Wood},
}

@Manual{mime,
  title = {mime: Map Filenames to MIME Types},
  author = {Yihui Xie},
  year = {2021},
  note = {R package version 0.12},
  url = {https://CRAN.R-project.org/package=mime},
}

@Manual{modelr,
  title = {modelr: Modelling Functions that Work with the Pipe},
  author = {Hadley Wickham},
  year = {2023},
  note = {R package version 0.1.11},
  url = {https://CRAN.R-project.org/package=modelr},
}

@Manual{munsell,
  title = {munsell: Utilities for Using Munsell Colours},
  author = {Charlotte Wickham},
  year = {2024},
  note = {R package version 0.5.1},
  url = {https://CRAN.R-project.org/package=munsell},
}

@Manual{nlme1,
  title = {nlme: Linear and Nonlinear Mixed Effects Models},
  author = {José Pinheiro and Douglas Bates and {R Core Team}},
  year = {2024},
  note = {R package version 3.1-166},
  url = {https://CRAN.R-project.org/package=nlme},
}

@Book{nlme2,
  title = {Mixed-Effects Models in S and S-PLUS},
  author = {José C. Pinheiro and Douglas M. Bates},
  year = {2000},
  publisher = {Springer},
  address = {New York},
  doi = {10.1007/b98882},
}

@Manual{openssl,
  title = {openssl: Toolkit for Encryption, Signatures and Certificates Based on
OpenSSL},
  author = {Jeroen Ooms},
  year = {2024},
  note = {R package version 2.2.2},
  url = {https://CRAN.R-project.org/package=openssl},
}

@Manual{pillar,
  title = {pillar: Coloured Formatting for Columns},
  author = {Kirill Müller and Hadley Wickham},
  year = {2023},
  note = {R package version 1.9.0},
  url = {https://CRAN.R-project.org/package=pillar},
}

@Manual{pkgconfig,
  title = {pkgconfig: Private Configuration for 'R' Packages},
  author = {Gábor Csárdi},
  year = {2019},
  note = {R package version 2.0.3},
  url = {https://CRAN.R-project.org/package=pkgconfig},
}

@Manual{prettyunits,
  title = {prettyunits: Pretty, Human Readable Formatting of Quantities},
  author = {Gabor Csardi},
  year = {2023},
  note = {R package version 1.2.0},
  url = {https://CRAN.R-project.org/package=prettyunits},
}

@Manual{processx,
  title = {processx: Execute and Control System Processes},
  author = {Gábor Csárdi and Winston Chang},
  year = {2024},
  note = {R package version 3.8.4},
  url = {https://CRAN.R-project.org/package=processx},
}

@Manual{progress,
  title = {progress: Terminal Progress Bars},
  author = {Gábor Csárdi and Rich FitzJohn},
  year = {2023},
  note = {R package version 1.2.3},
  url = {https://CRAN.R-project.org/package=progress},
}

@Manual{proxy,
  title = {proxy: Distance and Similarity Measures},
  author = {David Meyer and Christian Buchta},
  year = {2022},
  note = {R package version 0.4-27},
  url = {https://CRAN.R-project.org/package=proxy},
}

@Manual{ps,
  title = {ps: List, Query, Manipulate System Processes},
  author = {Jay Loden and Dave Daeschler and Giampaolo Rodola' and Gábor Csárdi},
  year = {2024},
  note = {R package version 1.7.7, https://ps.r-lib.org/},
  url = {https://github.com/r-lib/ps},
}

@Manual{purrr,
  title = {purrr: Functional Programming Tools},
  author = {Hadley Wickham and Lionel Henry},
  year = {2023},
  note = {R package version 1.0.2},
  url = {https://CRAN.R-project.org/package=purrr},
}

@Manual{ragg,
  title = {ragg: Graphic Devices Based on AGG},
  author = {Thomas Lin Pedersen and Maxim Shemanarev},
  year = {2024},
  note = {R package version 1.3.2, https://github.com/r-lib/ragg},
  url = {https://ragg.r-lib.org},
}

@Manual{rappdirs,
  title = {rappdirs: Application Directories: Determine Where to Save Data, Caches,
and Logs},
  author = {Sridhar Ratnakumar and Trent Mick and Trevor Davis},
  year = {2021},
  note = {R package version 0.3.3},
  url = {https://CRAN.R-project.org/package=rappdirs},
}

@Manual{readr,
  title = {readr: Read Rectangular Text Data},
  author = {Hadley Wickham and Jim Hester and Jennifer Bryan},
  year = {2024},
  note = {R package version 2.1.5},
  url = {https://CRAN.R-project.org/package=readr},
}

@Manual{readxl,
  title = {readxl: Read Excel Files},
  author = {Hadley Wickham and Jennifer Bryan},
  year = {2023},
  note = {R package version 1.4.3},
  url = {https://CRAN.R-project.org/package=readxl},
}

@Manual{rematch,
  title = {rematch: Match Regular Expressions with a Nicer 'API'},
  author = {Gabor Csardi},
  year = {2023},
  note = {R package version 2.0.0},
  url = {https://CRAN.R-project.org/package=rematch},
}

@Manual{rematch2,
  title = {rematch2: Tidy Output from Regular Expression Matching},
  author = {Gábor Csárdi},
  year = {2020},
  note = {R package version 2.1.2},
  url = {https://CRAN.R-project.org/package=rematch2},
}

@Manual{renv,
  title = {renv: Project Environments},
  author = {Kevin Ushey and Hadley Wickham},
  year = {2024},
  note = {R package version 1.0.7},
  url = {https://CRAN.R-project.org/package=renv},
}

@Manual{reprex,
  title = {reprex: Prepare Reproducible Example Code via the Clipboard},
  author = {Jennifer Bryan and Jim Hester and David Robinson and Hadley Wickham and Christophe Dervieux},
  year = {2024},
  note = {R package version 2.1.1},
  url = {https://CRAN.R-project.org/package=reprex},
}

@Manual{rlang,
  title = {rlang: Functions for Base Types and Core R and 'Tidyverse' Features},
  author = {Lionel Henry and Hadley Wickham},
  year = {2024},
  note = {R package version 1.1.4},
  url = {https://CRAN.R-project.org/package=rlang},
}

@Manual{rmarkdown1,
  title = {rmarkdown: Dynamic Documents for R},
  author = {JJ Allaire and Yihui Xie and Christophe Dervieux and Jonathan McPherson and Javier Luraschi and Kevin Ushey and Aron Atkins and Hadley Wickham and Joe Cheng and Winston Chang and Richard Iannone},
  year = {2024},
  note = {R package version 2.28},
  url = {https://github.com/rstudio/rmarkdown},
}

@Book{rmarkdown2,
  title = {R Markdown: The Definitive Guide},
  author = {Yihui Xie and J.J. Allaire and Garrett Grolemund},
  publisher = {Chapman and Hall/CRC},
  address = {Boca Raton, Florida},
  year = {2018},
  isbn = {9781138359338},
  url = {https://bookdown.org/yihui/rmarkdown},
}

@Book{rmarkdown3,
  title = {R Markdown Cookbook},
  author = {Yihui Xie and Christophe Dervieux and Emily Riederer},
  publisher = {Chapman and Hall/CRC},
  address = {Boca Raton, Florida},
  year = {2020},
  isbn = {9780367563837},
  url = {https://bookdown.org/yihui/rmarkdown-cookbook},
}

@Manual{rstudioapi,
  title = {rstudioapi: Safely Access the RStudio API},
  author = {Kevin Ushey and JJ Allaire and Hadley Wickham and Gary Ritchie},
  year = {2024},
  note = {R package version 0.17.1},
  url = {https://CRAN.R-project.org/package=rstudioapi},
}

@Manual{rvest,
  title = {rvest: Easily Harvest (Scrape) Web Pages},
  author = {Hadley Wickham},
  year = {2024},
  note = {R package version 1.0.4},
  url = {https://CRAN.R-project.org/package=rvest},
}

@Manual{s2,
  title = {s2: Spherical Geometry Operators Using the S2 Geometry Library},
  author = {Dewey Dunnington and Edzer Pebesma and Ege Rubak},
  year = {2024},
  note = {R package version 1.1.7, https://github.com/r-spatial/s2,
http://s2geometry.io/},
  url = {https://r-spatial.github.io/s2/},
}

@Manual{sass,
  title = {sass: Syntactically Awesome Style Sheets ('Sass')},
  author = {Joe Cheng and Timothy Mastny and Richard Iannone and Barret Schloerke and Carson Sievert},
  year = {2024},
  note = {R package version 0.4.9.9000, commit 9228fcf39deecfe32b7cb90ed40690338a18acba},
  url = {https://github.com/rstudio/sass},
}

@Manual{scales,
  title = {scales: Scale Functions for Visualization},
  author = {Hadley Wickham and Thomas Lin Pedersen and Dana Seidel},
  year = {2023},
  note = {R package version 1.3.0},
  url = {https://CRAN.R-project.org/package=scales},
}

@TechReport{selectr,
  title = {Introducing the selectr Package},
  author = {Simon Potter},
  institution = {The University of Auckland},
  address = {Auckland, New Zealand},
  year = {2012},
  url = {http://stattech.wordpress.fos.auckland.ac.nz/2012-10-introducing-the-selectr-package/},
}

@Book{sf1,
  author = {Edzer Pebesma and Roger Bivand},
  title = {{Spatial Data Science: With applications in R}},
  year = {2023},
  publisher = {{Chapman and Hall/CRC}},
  url = {https://r-spatial.org/book/},
  doi = {10.1201/9780429459016},
}

@Article{sf2,
  author = {Edzer Pebesma},
  title = {{Simple Features for R: Standardized Support for Spatial Vector Data}},
  year = {2018},
  journal = {{The R Journal}},
  doi = {10.32614/RJ-2018-009},
  url = {https://doi.org/10.32614/RJ-2018-009},
  pages = {439--446},
  volume = {10},
  number = {1},
}

@Article{stringi,
  title = {{stringi}: {F}ast and portable character string processing in {R}},
  author = {Marek Gagolewski},
  journal = {Journal of Statistical Software},
  year = {2022},
  volume = {103},
  number = {2},
  pages = {1--59},
  doi = {10.18637/jss.v103.i02},
}

@Manual{stringr,
  title = {stringr: Simple, Consistent Wrappers for Common String Operations},
  author = {Hadley Wickham},
  year = {2023},
  note = {R package version 1.5.1},
  url = {https://CRAN.R-project.org/package=stringr},
}

@Manual{sys,
  title = {sys: Powerful and Reliable Tools for Running System Commands in R},
  author = {Jeroen Ooms},
  year = {2024},
  note = {R package version 3.4.3},
  url = {https://CRAN.R-project.org/package=sys},
}

@Manual{systemfonts,
  title = {systemfonts: System Native Font Finding},
  author = {Thomas Lin Pedersen and Jeroen Ooms and Devon Govett},
  year = {2024},
  note = {R package version 1.1.0},
  url = {https://CRAN.R-project.org/package=systemfonts},
}

@Manual{textshaping,
  title = {textshaping: Bindings to the 'HarfBuzz' and 'Fribidi' Libraries for Text
Shaping},
  author = {Thomas Lin Pedersen},
  year = {2024},
  note = {R package version 0.4.0},
  url = {https://CRAN.R-project.org/package=textshaping},
}

@Manual{tibble,
  title = {tibble: Simple Data Frames},
  author = {Kirill Müller and Hadley Wickham},
  year = {2023},
  note = {R package version 3.2.1},
  url = {https://CRAN.R-project.org/package=tibble},
}

@Manual{tidyRSS,
  title = {tidyRSS: Tidy RSS for R},
  author = {Robert Myles McDonnell},
  year = {2023},
  note = {R package version 2.0.7},
  url = {https://CRAN.R-project.org/package=tidyRSS},
}

@Manual{tidyr,
  title = {tidyr: Tidy Messy Data},
  author = {Hadley Wickham and Davis Vaughan and Maximilian Girlich},
  year = {2024},
  note = {R package version 1.3.1},
  url = {https://CRAN.R-project.org/package=tidyr},
}

@Manual{tidyselect,
  title = {tidyselect: Select from a Set of Strings},
  author = {Lionel Henry and Hadley Wickham},
  year = {2024},
  note = {R package version 1.2.1},
  url = {https://CRAN.R-project.org/package=tidyselect},
}

@Article{tidyverse,
  title = {Welcome to the {tidyverse}},
  author = {Hadley Wickham and Mara Averick and Jennifer Bryan and Winston Chang and Lucy D'Agostino McGowan and Romain François and Garrett Grolemund and Alex Hayes and Lionel Henry and Jim Hester and Max Kuhn and Thomas Lin Pedersen and Evan Miller and Stephan Milton Bache and Kirill Müller and Jeroen Ooms and David Robinson and Dana Paige Seidel and Vitalie Spinu and Kohske Takahashi and Davis Vaughan and Claus Wilke and Kara Woo and Hiroaki Yutani},
  year = {2019},
  journal = {Journal of Open Source Software},
  volume = {4},
  number = {43},
  pages = {1686},
  doi = {10.21105/joss.01686},
}

@Manual{timechange,
  title = {timechange: Efficient Manipulation of Date-Times},
  author = {Vitalie Spinu},
  year = {2024},
  note = {R package version 0.3.0},
  url = {https://CRAN.R-project.org/package=timechange},
}

@Manual{tinytable,
  title = {tinytable: Simple and Configurable Tables in 'HTML', 'LaTeX', 'Markdown',
'Word', 'PNG', 'PDF', and 'Typst' Formats},
  author = {Vincent Arel-Bundock},
  year = {2024},
  note = {R package version 0.4.0},
  url = {https://vincentarelbundock.github.io/tinytable/},
}

@Manual{tinytex1,
  title = {tinytex: Helper Functions to Install and Maintain TeX Live, and Compile
LaTeX Documents},
  author = {Yihui Xie},
  year = {2024},
  note = {R package version 0.52},
  url = {https://github.com/rstudio/tinytex},
}

@Article{tinytex2,
  title = {TinyTeX: A lightweight, cross-platform, and easy-to-maintain LaTeX distribution based on TeX Live},
  author = {Yihui Xie},
  journal = {TUGboat},
  year = {2019},
  volume = {40},
  number = {1},
  pages = {30--32},
  url = {https://tug.org/TUGboat/Contents/contents40-1.html},
}

@Manual{tzdb,
  title = {tzdb: Time Zone Database Information},
  author = {Davis Vaughan},
  year = {2023},
  note = {R package version 0.4.0},
  url = {https://CRAN.R-project.org/package=tzdb},
}

@Article{units,
  title = {Measurement Units in {R}},
  author = {Edzer Pebesma and Thomas Mailund and James Hiebert},
  year = {2016},
  journal = {R Journal},
  doi = {10.32614/RJ-2016-061},
  pages = {486--494},
  volume = {8},
  number = {2},
}

@Manual{utf8,
  title = {utf8: Unicode Text Processing},
  author = {Patrick O. Perry},
  year = {2023},
  note = {R package version 1.2.4},
  url = {https://CRAN.R-project.org/package=utf8},
}

@Manual{uuid,
  title = {uuid: Tools for Generating and Handling of UUIDs},
  author = {Simon Urbanek and Theodore Ts'o},
  year = {2024},
  note = {R package version 1.2-1},
  url = {https://CRAN.R-project.org/package=uuid},
}

@Manual{vctrs,
  title = {vctrs: Vector Helpers},
  author = {Hadley Wickham and Lionel Henry and Davis Vaughan},
  year = {2023},
  note = {R package version 0.6.5},
  url = {https://CRAN.R-project.org/package=vctrs},
}

@Manual{viridisLite,
  title = {{viridis(Lite)} - Colorblind-Friendly Color Maps for R},
  author = {{Garnier} and {Simon} and {Ross} and {Noam} and {Rudis} and {Robert} and {Camargo} and Antônio Pedro and {Sciaini} and {Marco} and {Scherer} and {Cédric}},
  year = {2023},
  note = {viridisLite package version 0.4.2},
  url = {https://sjmgarnier.github.io/viridis/},
  doi = {10.5281/zenodo.4678327},
}

@Manual{vroom,
  title = {vroom: Read and Write Rectangular Text Data Quickly},
  author = {Jim Hester and Hadley Wickham and Jennifer Bryan},
  year = {2023},
  note = {R package version 1.6.5},
  url = {https://CRAN.R-project.org/package=vroom},
}

@Manual{withr,
  title = {withr: Run Code 'With' Temporarily Modified Global State},
  author = {Jim Hester and Lionel Henry and Kirill Müller and Kevin Ushey and Hadley Wickham and Winston Chang},
  year = {2024},
  note = {R package version 3.0.2},
  url = {https://CRAN.R-project.org/package=withr},
}

@Manual{wk,
  title = {wk: Lightweight Well-Known Geometry Parsing},
  author = {Dewey Dunnington and Edzer Pebesma},
  year = {2024},
  note = {R package version 0.9.3,
https://github.com/paleolimbot/wk},
  url = {https://paleolimbot.github.io/wk/},
}

@Manual{xfun,
  title = {xfun: Supporting Functions for Packages Maintained by 'Yihui Xie'},
  author = {Yihui Xie},
  year = {2024},
  note = {R package version 0.47},
  url = {https://github.com/yihui/xfun},
}

@Manual{xml2,
  title = {xml2: Parse XML},
  author = {Hadley Wickham and Jim Hester and Jeroen Ooms},
  year = {2023},
  note = {R package version 1.3.6},
  url = {https://CRAN.R-project.org/package=xml2},
}

@Manual{yaml,
  title = {yaml: Methods to Convert R Data to YAML and Back},
  author = {Shawn P Garbett and Jeremy Stephens and Kirill Simonov and Yihui Xie and Zhuoer Dong and Hadley Wickham and Jeffrey Horner and {reikoch} and Will Beasley and Brendan O'Connor and Gregory R. Warnes and Michael Quinn and Zhian N. Kamvar and Charlie Gao},
  year = {2024},
  note = {R package version 2.3.10},
  url = {https://CRAN.R-project.org/package=yaml},
}
